<?xml version="1.0" encoding="UTF-8"?><record xmlns="http://www.loc.gov/MARC21/slim" xmlns:cinclude="http://apache.org/cocoon/include/1.0" xmlns:zs="http://www.loc.gov/zing/srw/">
  <leader>00619nz  a2200133n  4500</leader>
  <controlfield tag="001">nb 99015381 </controlfield>
  <controlfield tag="003">DLC</controlfield>
  <controlfield tag="005">19990209054019.0</controlfield>
  <controlfield tag="008">990204n| acannaab|          |n aaa     c</controlfield>
  <datafield tag="010" ind1=" " ind2=" ">
    <subfield code="a">nb 99015381 </subfield>
  </datafield>
  <datafield tag="040" ind1=" " ind2=" ">
    <subfield code="a">Uk</subfield>
    <subfield code="c">Uk</subfield>
  </datafield>
  <datafield tag="100" ind1="1" ind2="0">
    <subfield code="a">Humphreys, Keith,</subfield>
    <subfield code="d">1946-</subfield>
  </datafield>
  <datafield tag="670" ind1=" " ind2=" ">
    <subfield code="a">Baseline assessment scheme &amp; curriculum target setting, 1998:</subfield>
    <subfield code="b">t.p. (Keith Humphreys, Equals Development Facilitator, Univ. of Northumbria, Newcastle upon Tyne) BL AL sent 29 Jan. 1999</subfield>
  </datafield>
  <datafield tag="670" ind1=" " ind2=" ">
    <subfield code="a">BL AL recd. 4 Feb. 1999</subfield>
    <subfield code="b">(Keith Adrian Humphreys, born 3 Nov. 1946, also author of Access to the whole curriculum for pupils with severe learning difficulties)</subfield>
  </datafield>
</record>